@article{TurnerEtAl1998,
author	= {Turner, T. Rolf and Cameron, Murray A. and Thomson, Peter J.},
title	= {Hidden {M}arkov chains in generalized linear models},
journal = {Canadian Journal of Statistics},
volume	= {26},
year	= {1998},
pages	= {107 -- 125}
}

@article{DempsterEtAL1977,
author	= {Dempster, A. P. and Laird, N. M. and Rubin, D. B.},
title	= {Maximum likelihood from incomplete data via the
           {EM} algorithm (with discussion)},
journal = {Journal of the Royal Statistical Society},
series	= {B},
year	= {1977},
volume	= {39},
pages	= {1 -- 38}
}

@article{Rabiner1989,
author	= {Rabiner, L. R.},
year	= {1989},
title	= {A tutorial on hidden {M}arkov models and selected applications
           in speech recognition},
journal	= {Proceedings of the IEEE},
volume  = {77},
pages	= {257 -- 286}
}

@article{JuangRabiner1991,
author	= {Juang, B. H. and Rabiner, L. R.},
year	= {1991},
title	= {Hidden {M}arkov models for speech recognition},
journal	= {Technometrics},
volume	= {33},
pages	= {251 -- 272}
}

@article{ZucchiniGuttorp1991,
author	= {Zucchini, W. and Guttorp, P.},
year	= {1991},
title	= {A hidden {M}arkov model for space-time precipitation},
journal	= {Water Resources Research},
volume	= {27},
pages	= {1917 -- 1923}
}

@article{BaumPetrie1966,
author	= {Baum, L. E. and Petrie, T.},
year	= {1966},
title	= {Statistical inference for probabilistic functions
           of finite state Markov chains},
journal	= {Annals of Mathematical Statistics},
volume	= {37},
pages	= {1554 -- 1563}
}

@article{BaumEgon1967,
author	= {Baum, L. E. and Egon, J. A.},
year	= {1967},
title	= {An inequality with applications to statistical estimation
           for probabilistic functions of a Markov process and to a
           model for ecology},
journal	= {Bulletin of the American Meteorological Society},
volume	= {73},
pages	= {360 -- 363}
}

@article{BaumEtAl1970,
author	= {Baum, L. E. and Petrie T. and Soules, G. and Weiss, N.},
year	= {1970},
title	= {A maximization technique occurring in the statistical
           analysis of probabilistic functions of Markov chains},
journal	= {Annals of Mathematical Statistics},
volume	= {41},
pages	= {164 -- 171}
}

@article{Louis1982,
author	= {Louis, T. A.},
year	= {1982},
title	= {Finding the observed information matrix when
           using the {EM} algorithm},
journal = {Journal of the Royal Statistical Society},
series	= {B},
volume	= {44},
pages	= {226 -- 233}
}

@phdthesis{Khan2002,
author	= {Khan, R. Nazim},
title	= {Statistical modelling and analysis of ion channel data
	   based on hidden {M}arkov models and the {EM} algorithm},
school	= {University of Western Australia},
year	= {2002},
address	= {Crawley, WA 6009}
}

@book{Thisted1988,
author		= {Thisted, Ronald A.},
title		= {Elements of Statistical Computing},
publisher	= {Chapman and Hall},
year		= {1988},
address		= {New York}
}

@book{PressEtAl1994,
author		= {Press, William H. and Teukolsky, Saul A. and
		   Vetterling, William T. and Flannery, Brian P.},
title		= {Numerical Recipes in FORTRAN: The Art of
		   Scientific Computing},
publisher	= {Cambridge University Press},
year		= {1994},
edition		= {Second}
}

@book{KennedyGentle1980,
author		= {Kennedy Jr., William and Gentle, James E.},
title		= {Statistical Computing},
publisher	= {Marcel Dekker, Inc.},
year		= {1980},
address		= {New York}
}

@article{Oakes1999,
author = {David Oakes},
title  = {Direct calculation of the information matrix via the {EM}
          algorithm},
journal = {Journal of the Royal Statistical Society},
series  = {B},
year    = {1999},
volume  = {61},
pages   = {479 -- 482}
}

@article{LystigHughes2002,
author = {Theodore C. Lystig and James P. Hughes},
title  = {Exact computation of the observed information matrix
          for hidden {M}arkov models},
journal = {Journal of Computational and Graphical Statistics},
volume  = {11},
number  = {3},
year    = {2002},
pages   = {678 -- 689}
}

@article{AltmanPetkau2005,
author = {Rachel MacKay Altman and A. John Petkau},
title  = {Application of hidden {M}arkov models to multiple
          sclerosis lesion count data},
journal = {Statistics in Medicine},
year    = {2005},
volume  = {24},
pages   = {2335--2344}
}

@manual{Rlanguage2022,
title        = {R: A Language and Environment for Statistical
                       Computing},
author       = {{R Core Team}},
organization = {R Foundation for Statistical Computing},
address      = {Vienna, Austria},
year         = 2022,
url          = {http://www.R-project.org}
}

@article{AlbertEtAl1994,
author  = {P.S. Albert and H. F. McFarland and M. E. Smith and J. A. Frank},
title   = {Time series for modelling counts from a relapsing-remitting
           disease: application to modelling disease activity in multiple
           sclerosis},
journal = {Statistics in Medicine},
volume  = {13},
year    = {1994},
pages   = {453 -- 466}
}

@book{CappeEtAl2005,
author = {Olivier Capp\'{e} and Eric Moulines and Tobias Ryd\'{e}n},
title  = {Inference in Hidden Markov Models},
publisher = {Springer},
address = {New York},
year    = {2005}
}

@article{CampilloLeGland1989,
author = {F. Campillo and F. Le Gland},
title  = {{MLE} for partially observed diffusions:  Direct
          Maximization vs. the {EM} Algorithm},
journal = {Stochastic Processes and their Applications},
volume  = {33},
year    = {1989},
pages   = {245--274}
}

@article{CappeMoulines2005,
author = {Olivier Capp\'{e} and Eric Moulines},
title  = {Recursive computation of the score and
          observed information matrix in hidden
          {M}arkov models},
journal = {{IEEE} Workshop on Statistical Signal Processing},
year    = {2005},
month   = {July},
address = {Bordeaux}
}

@article{CollingsRyden1998,
author = {I. B. Collings and T. Ryd\'{e}n},
title  = {A new maximum likelihood gradient algorithm for on-line
          hidden Markov model identification},
journal = {{IEEE} International Conference on Acoustics Speech
           and Signal Processing},
year = {1998},
month = {May},
address = {Seattle}
}

@article{DoucMatias2001,
author = {R. Douc and C. Matias},
title  = {Asymptotics of the maximum likelihood estimator for
          general hidden Markov models},
journal = {Bernoulli},
volume  = {7},
year    = {2001},
pages   = {381 -- 420}
}

@book{Billingsley1961,
author = {P. Billingsley},
title  = {Statistical Inference for Markov Processes},
publisher = {The University of Chicago Press},
address = {Chicago},
year = {1961}
}

@article{BickelRitov1996,
author = {P. J. Bickel and Y. Ritov},
title  = {Inference in hidden {M}arkov models {I}: Local
          asymptotic normality in the stationary case},
journal = {Bernoulli},
volume  = {2},
pages   = {199 -- 228},
year    = {1996}
}

@article{BickelEtAl1998,
author = {P. J. Bickel and Y. Ritov and T. Ryd\'{e}n},
title  = {Asymptotic normality of the maximum likelihood estimator
          for general hidden {M}arkov models},
journal = {Annals of Statistics},
volume  = {26},
pages   = {1614 -- 1635},
year    = {1998}
}

@article{BickelEtAl2002,
author = {P. J. Bickel and Y. Ritov and T. Ryd\'{e}n},
title  = {Hidden {M}arkov model loikelihoods and their derivatives
          behave like i.i.d. ones},
journal = {Annals de l'Institut Henri Poincar\'{e} (B) Probabilit\'{e}
           et Statistiques},
volume  = {38},
pages   = {825 -- 846},
year    = {2002}
}

@article{JensenPetersen1999,
author = {J. L. Jensen and N. V. Petersen},
title = {Asymptotic normality of the maximum likelihood
          estimator in state space models},
journal = {Annals of Statistics},
volume  = {27},
pages   = {514 -- 535},
year    = {1999}
}

@article{Leroux1992,
author = {B. G. Leroux},
title  = {Maximum-likelihood estimation for hidden {Markov}
          models},
journal = {Stochastic Processes and their Applications},
volume  = {40},
pages   = {127 -- 143},
year    = {1992}
}

@article{Turner2021,
author  = {Rolf Turner},
title   = {A New Versatile Discrete Distribution},
journal = {The R Journal},
volume  = {13},
issue   = {2},
year    = {2021},
pages   = {427 -- 440},
doi     = {10.32614/RJ-2021-067}
}

@article{Turner2008,
author   = {Rolf Turner},
title    = {Direct maximization of the likelihood of a hidden {M}arkov model},
journal  = {Computational Statistics and Data Analysis},
volume   = {52},
number   = {9},
year     = {2008},
doi      = {10.1016/j.csda.2008.01.029},
pages    = {4147--4160}
}
`
